Automatically generated by Mendeley Desktop 1.19.8
Any changes to this file will be lost if it is regenerated by Mendeley.

BibTeX export options can be customized via Preferences -> BibTeX in Mendeley Desktop

@techreport{EnergyInformationAdministration2020,
abstract = {Table 1.3 Primary Energy Consumption by Source},
author = {{U.S. Energy Information Administration}},
booktitle = {Monthly Energy Review},
file = {:Users/nlong/Documents/Bibtex/Library/U.S. Energy Information Administration - 2020 - Monthly Energy Review.pdf:pdf},
institution = {US DOE Energy Information Administration},
isbn = {2025862792},
keywords = {biofuels,carbon emissions,coal,consumption,electricity,energy,energy prices,hydroelectric,international energy,natural gas,nuclear,overview,petroleum,renewable energy},
number = {December},
pages = {235},
title = {{Monthly Energy Review}},
url = {http://www.eia.gov/totalenergy/data/monthly},
volume = {0035},
year = {2020}
}
@techreport{Landsberg2014,
abstract = {ASHRAE Guidelines are scheduled to be updated on a five-year cycle; the date following the Guideline number is the year of ASHRAE approval. The latest edition of an ASHRAE Guideline may be purchased on the ASHRAE website (www.ashrae.org) or from ASHRAE Customer Service,},
address = {Atlanta, GA},
author = {Landsberg, Dennis R and Shonder, John A and Barker, Kimberly A and Haberl, Jeff S and Judson, Scott A and Jump, David A and Koran, William E and Hall, Richard L and Reindl, Douglass T and Anderson, Joseph R and Barnaby, Charles S and Clark, John A and Dunlap, John F and Earley, James W and Emmerich, Steven J and Graef, Patricia T},
file = {:Users/nlong/Documents/Bibtex/Library/Landsberg et al. - 2014 - ASHRAE Guideline 14-2014 Measurement of Energy, Demand, and Water Savings.pdf:pdf},
institution = {ASHRAE},
title = {{ASHRAE Guideline 14-2014: Measurement of Energy, Demand, and Water Savings}},
url = {www.ashrae.org/technology.},
volume = {2014},
year = {2014}
}
@techreport{Satchwell2021,
address = {Washington, DC},
author = {Satchwell, Andrew; and Piette, Mary Ann; and Khandekar, Aditya; and Granderson, Jessica; and Frick, Natalie Mims; and Hledik, Ryan and Faruqui, Ahmad and Lam, Long and Ross, Stephanie and Cohen, Jesse and Wang, Kitty and Urigwe, Daniela and Delurey, Dan and Neukomm, Monica and Nemtzow, David},
file = {:Users/nlong/Documents/Bibtex/Library/Satchwell et al. - 2021 - A National Roadmap for Grid-Interactive Efficient Buildings.pdf:pdf},
institution = {Department of Energy Office of Energy Efficiency and Reneweable Energy's Building Technologies Office},
keywords = {DER,EE,Energy Solutions,GEB,GHG,Grid-Interactive Efficient Buildings,Lawrence Berkeley National Laboratory,Smart Grid,The Brattle Group,U.S. Department of Energy,Wedgemere Group,decarbonization,distributed energy resources,electrification,energy efficiency,energy policy,green buildings,greenhouse gas emissions},
mendeley-tags = {GEB},
title = {{A National Roadmap for Grid-Interactive Efficient Buildings}},
url = {https://escholarship.org/uc/item/78k303s5},
year = {2021}
}
